<?xml version="1.0" encoding="UTF-8"?><collection><record><leader>06380ntm a2200637 a 4500</leader><controlfield tag="001">006836535</controlfield><controlfield tag="003">MiAaHDL</controlfield><controlfield tag="005">20190719000000.0</controlfield><controlfield tag="006">m        d        </controlfield><controlfield tag="007">cr bn ---auaua</controlfield><controlfield tag="008">090708s1826    xx            00| ||per d</controlfield><datafield tag="035" ind1=" " ind2=" "><subfield code="a">(MiU)006836535</subfield></datafield><datafield tag="035" ind1=" " ind2=" "><subfield code="a">sdr-miu006836535</subfield></datafield><datafield tag="040" ind1=" " ind2=" "><subfield code="a">MiU</subfield><subfield code="c">MiU</subfield><subfield code="e">amremm</subfield></datafield><datafield tag="043" ind1=" " ind2=" "><subfield code="a">n-us-mi</subfield><subfield code="a">a-ir---</subfield><subfield code="a">ff-----</subfield><subfield code="a">aw-----</subfield><subfield code="a">e-sp---</subfield></datafield><datafield tag="100" ind1="1" ind2=" "><subfield code="6">880-01</subfield><subfield code="a">Mīr Khvānd, Muḥammad ibn Khāvandshāh,</subfield><subfield code="d">1433-1498.</subfield></datafield><datafield tag="240" ind1="1" ind2="0"><subfield code="6">880-02</subfield><subfield code="a">Rawz̤at al-ṣafāʼ.</subfield><subfield code="n">jild 2</subfield></datafield><datafield tag="245" ind1="1" ind2="0"><subfield code="6">880-03</subfield><subfield code="a">Daftar-i duvvum-i Rawz̤at al-ṣafāʼ,</subfield><subfield code="f">[1241, i.e. 1826].</subfield></datafield><datafield tag="246" ind1="3" ind2="8"><subfield code="a">Roozut ol Sufa 2</subfield></datafield><datafield tag="260" ind1=" " ind2=" "><subfield code="c">[1826].</subfield></datafield><datafield tag="300" ind1=" " ind2=" "><subfield code="a">578 leaves :</subfield><subfield code="b">paper ;</subfield><subfield code="c">225 x 155 (190 x 105) mm. bound to 232 x 170 mm.</subfield></datafield><datafield tag="500" ind1=" " ind2=" "><subfield code="a">Shelfmark: Ann Arbor, University of Michigan, Special Collections Library, Isl. Ms. 860 v.2</subfield></datafield><datafield tag="500" ind1=" " ind2=" "><subfield code="a">Origin: As appears in colophon on p.1156 (and in inscription on inner front flyleaf, p.1), latter section (p.679 to close) copied by Sayyid Mihr ʻAlī ʻAẓīmābādī with transcription completed 19 Shawwāl 1241 [ca. 27 May 1826]. Opening section likely copied around the same time.</subfield></datafield><datafield tag="500" ind1=" " ind2=" "><subfield code="a">Accompanying materials: a. Slip with note "Persian MSS (Heyworth-Dunne?) with Meredith-Owens notes" -- b. Slip with note "12-29-65 Mr. Partington just brought in these 2 v. of MSS D" -- c. Scrap with note in black ink "Rawḍat al-Safā vol. 2 AH 1241"</subfield></datafield><datafield tag="500" ind1=" " ind2=" "><subfield code="a">Former shelfmark: Mich. Isl. Ms. temp. no. 9 v.2</subfield></datafield><datafield tag="500" ind1=" " ind2=" "><subfield code="a">Binding: Boards covered in light orange-brown leather decorated in "marbled calf" manner ; Western style binding ; pastedowns and flyleaves in a light-blue surface-dyed wove paper ; spine in dark green and brown leather, gold-stamped with decorative bands and title "ROOZUT OL SUFA 2" ; edges of text block red-flecked ; sewn in white thread over three recessed cords ; worked Western style endbands in fair condition with tailband detaching ; overall in fair condition with some abrasion and deterioration of leather, etc.</subfield></datafield><datafield tag="500" ind1=" " ind2=" "><subfield code="a">Support: non-European (likely Indian or Persian) laid paper of two main types ; opening type (carrying pp.9-678) with 8-9 laid lines per cm. (horizontal or vertical, somewhat indistinct, some curving) and chain lines irregularly visible, somewhat cloudy formation, thin and transluscent though sturdy, burnished, dark cream in color ; opening three leaves and leaves carrying p.679 to close mainly in a paper with 9 laid lines per cm. (vertical or horizontal, somewhat indistinct, curving) and no chain lines clearly visible, somewhat cloudy formation, sturdy, well-burnished, cream in color.</subfield></datafield><datafield tag="500" ind1=" " ind2=" "><subfield code="a">Decoration: Keywords and headings rubricated ; overlining and occasional textual dividers in the form of three dots also in red.</subfield></datafield><datafield tag="500" ind1=" " ind2=" "><subfield code="a">Script: Nastaʻlīq ; two main hands ; opening three leaves (pp.4-8) and final section (pp.679-1156) supplied in a fine hand in a medium line, serifless and compact with elements of shikastah, effect of words descending to baseline and tilt to the right, elongation of horizontal strokes, pointing in strokes rather than distinct dots ; text of pp.9-678 in another much finer nastaʻlīq, serifless and spacious with horizontal strokes in a heavy line, somewhat exaggerated contrast in thickness of horizontal and vertical strokes, effect of words gently descending to baseline, elongation of horizontal strokes, pointing mainly in distinct dots.</subfield></datafield><datafield tag="500" ind1=" " ind2=" "><subfield code="a">Layout: Written in 17 lines per page ; frame-ruled.</subfield></datafield><datafield tag="500" ind1=" " ind2=" "><subfield code="a">Collation: ii, IV+2 (10), 56 IV(458), IV+2 (468), 13 IV(572), III (578), ii ; almost exclusively quaternions ; middle of the quire marks in the form of oblique black strokes in the upper outer corner of the right-hand leaf and the lower outer corner of the left-hand leaf (through p.678) ; catchwords present ; pagination in pencil, Western numerals, supplied during digitization (includes flyleaves).</subfield></datafield><datafield tag="500" ind1=" " ind2=" "><subfield code="a">Colophon: "Scribal," reads "تم المجلد الثانی ... بتاریخ نوزدهم شهر شوال سنه ۱۲۴۱ یکهزار و دو صد و چهل و یک تحریر على ید المذنب المحتاج سید مهر علی عظیم آبادی غفر الله له وستر عیوبهم وسلم تسلیما ..."</subfield></datafield><datafield tag="500" ind1=" " ind2=" "><subfield code="a">Incipit: "عنوان صحیفه مرادات و فهرست مجموعه حادثات ..."</subfield></datafield><datafield tag="500" ind1=" " ind2=" "><subfield code="a">Title from inscription on inner flyleaf (p.1).</subfield></datafield><datafield tag="500" ind1=" " ind2=" "><subfield code="a">Ms. composite codex.</subfield></datafield><datafield tag="510" ind1="4" ind2=" "><subfield code="a">B. Forbes Manz &amp; A. Beveridge, "Mīrkhwānd," In EI2.</subfield></datafield><datafield tag="510" ind1="4" ind2=" "><subfield code="a">Ḥājjī Khalīfah. Kashf al-ẓunūn,</subfield><subfield code="c">1/926</subfield></datafield><datafield tag="510" ind1="4" ind2=" "><subfield code="a">Storey,</subfield><subfield code="c">i, 92-101, 1236</subfield></datafield><datafield tag="510" ind1="4" ind2=" "><subfield code="a">Cat. Pers. MSS. Brit. Mus.,</subfield><subfield code="c">p.89 ff.</subfield></datafield><datafield tag="520" ind1="8" ind2=" "><subfield code="a">Fine copy of the second volume, addressing the Prophet and al-Khulafāʼ al-Rāshidūn, of the celebrated universal history Rawz̤at al-ṣafāʼ fī sīrat al-anbiyāʼ va al-mulūk va al-khulafāʼ by the Tīmūrid historian Muḥammad ibn Khvāndshāh Mīr Khvānd (d.1498).</subfield></datafield><datafield tag="538" ind1=" " ind2=" "><subfield code="a">Mode of access: Internet.</subfield></datafield><datafield tag="541" ind1=" " ind2=" "><subfield code="c">Gift ;</subfield><subfield code="a">Acquired from Frank E. Nuttall (1875-1943).</subfield></datafield><datafield tag="546" ind1=" " ind2=" "><subfield code="a">Persian.</subfield></datafield><datafield tag="561" ind1=" " ind2=" "><subfield code="a">Inscription with title "Roozut ol Sufa | 2 d" on verso of front flyleaf ; inscription with title, script, description of contents for this volume, copyist "سید مهر علی عظیم آبادی" and date of transcription "نوزدهم شوال یکهزار و دو صد و چهل و یک" i.e. 19 Shawwāl 1241 [ca. 27 May 1826] on inner front flyleaf (p.1) ; occasional marginal corrections.</subfield></datafield><datafield tag="600" ind1="0" ind2="0"><subfield code="a">Muḥammad,</subfield><subfield code="c">Prophet,</subfield><subfield code="d">-632</subfield><subfield code="v">Early works to 1800.</subfield></datafield><datafield tag="650" ind1=" " ind2="0"><subfield code="a">Manuscripts, Persian</subfield><subfield code="z">Michigan</subfield><subfield code="z">Ann Arbor.</subfield></datafield><datafield tag="650" ind1=" " ind2="0"><subfield code="a">Islam</subfield><subfield code="x">History</subfield><subfield code="v">Early works to 1800.</subfield></datafield><datafield tag="650" ind1=" " ind2="0"><subfield code="a">World history</subfield><subfield code="v">Early works to 1800.</subfield></datafield><datafield tag="651" ind1=" " ind2="0"><subfield code="a">Islamic Empire</subfield><subfield code="x">History</subfield><subfield code="y">622-661</subfield><subfield code="v">Early works to 1800.</subfield></datafield><datafield tag="700" ind1="1" ind2=" "><subfield code="a">Nuttall, Frank E.,</subfield><subfield code="d">1875-1943,</subfield><subfield code="e">former owner.</subfield></datafield><datafield tag="700" ind1="0" ind2=" "><subfield code="6">880-07</subfield><subfield code="a">Mihr ʻAlī Aẓīmābādī,</subfield><subfield code="d">fl. 1826,</subfield><subfield code="e">scribe.</subfield></datafield><datafield tag="773" ind1="0" ind2=" "><subfield code="a">F. E. Nuttall Collection.</subfield></datafield><datafield tag="880" ind1="0" ind2=" "><subfield code="6">700-07/</subfield><subfield code="a">مهر على عظيم آبادى,</subfield><subfield code="e">ناسخ.</subfield></datafield><datafield tag="880" ind1="1" ind2="0"><subfield code="6">245-03/</subfield><subfield code="a">دفتر دوم روضه الصفا,</subfield><subfield code="f">[1241ه, 1826م].</subfield></datafield><datafield tag="880" ind1="1" ind2="0"><subfield code="6">240-02/</subfield><subfield code="a">روضة الصفا.</subfield><subfield code="n">جلد 2</subfield></datafield><datafield tag="880" ind1="1" ind2=" "><subfield code="6">100-01/</subfield><subfield code="a">مير جواند، محمد بن جواندشاه.</subfield></datafield><datafield tag="CID" ind1=" " ind2=" "><subfield code="a">006836535</subfield></datafield><datafield tag="DAT" ind1="0" ind2=" "><subfield code="a">20190719102641.0</subfield><subfield code="b">20190719000000.0</subfield></datafield><datafield tag="DAT" ind1="1" ind2=" "><subfield code="a">20190719090653.0</subfield><subfield code="b">2019-07-19T16:10:51Z</subfield></datafield><datafield tag="DAT" ind1="2" ind2=" "><subfield code="a">2015-10-02T18:00:03Z</subfield></datafield><datafield tag="CAT" ind1=" " ind2=" "><subfield code="a">SDR-MIU</subfield><subfield code="d">EX LIBRIS - ALEPH</subfield><subfield code="l">prepare.pl-004-008</subfield></datafield><datafield tag="FMT" ind1=" " ind2=" "><subfield code="a">BK</subfield></datafield><datafield tag="HOL" ind1=" " ind2=" "><subfield code="0">sdr-miu006836535</subfield><subfield code="a">MiU</subfield><subfield code="b">SDR</subfield><subfield code="c">MIU</subfield><subfield code="p">mdp.39015079132315</subfield><subfield code="s">MIU</subfield><subfield code="1">006836535</subfield></datafield><datafield tag="974" ind1=" " ind2=" "><subfield code="b">MIU</subfield><subfield code="c">MIU</subfield><subfield code="d">20190719</subfield><subfield code="s">lit-dlps-dc</subfield><subfield code="u">mdp.39015079132315</subfield><subfield code="y">1826</subfield><subfield code="r">pd</subfield><subfield code="q">bib</subfield><subfield code="t">non-US bib date1 &lt; 1896</subfield></datafield></record></collection>